1474 2548
179 135 280 174 xv}
351 131 486 170 mss.
522 131 597 166 DE
633 130 771 166 VITA
805 129 876 164 ET
916 127 1267 164 CARMINIBVS

180 259 297 299 rent,
343 257 384 289 et
418 255 760 304 vnamquamque
783 254 928 284 earum
957 235 1369 298 singularemodm‘ow',

179 324 225 369 id
249 320 306 368 est
329 320 561 374 essentiam,
591 318 700 371 fiue,
735 333 779 362 Vt
800 316 929 363 nostri
949 317 1192 380 philosophi
1210 302 1370 378 d'icunt,

175 400 440 448 substantiam
458 397 661 450 facerent,
695 394 854 442 faetum
877 395 934 441 est
959 398 1095 452 etiam,
1121 413 1165 442 vt
1186 398 1285 443 inde
1306 415 1365 445 re-

181 483 283 541 ligio
306 479 511 543 quaedam
548 476 763 541 popularis
787 472 1010 528 exsisteret,
1047 477 1164 520 cuius
1186 478 1373 523 oratione

179 567 332 625 poe'tae
361 561 405 603 in
436 554 690 603 carminibus
712 562 941 599 vterentur.
1011 556 1075 600 Sic
1106 555 1228 613 φύσις
1257 556 1372 619 apud

180 653 321 685 vatem
363 634 553 692 nostrum
587 633 749 680 Odario
779 636 829 679 11.
875 633 983 682 nihil
1017 631 1076 679 est
1105 635 1240 689 aliud,
1297 633 1372 680 nifi

181 710 373 763 summus
406 708 475 760 ille
511 728 551 758 et
572 714 758 775 optimus
782 712 990 759 maximus
1012 728 1154 757 rerum
1179 694 1374 759 omnium

182 793 377 839 conditor
406 792 452 836 a‘c
485 791 748 846 moderator,
793 791 866 852 qui
887 789 1047 836 Odario
1064 794 1231 848 XXXV,
1254 807 1298 840 2.
1322 794 1370 838 e'x

179 888 302 919 more
331 860 479 934 populi
507 886 548 915 et
567 876 789 932 poc-’tarum
812 873 913 924 Ζεῢς
935 879 1129 923 vocatur,
1174 873 1292 916 cuius
1313 886 1370 917 at-

181 951 351 1005 tributa,
372 949 486 995 velut
506 946 764 1011 sapientiam,
803 947 1126 1008 benignitatem,
1161 947 1371 1004 iustitiam,

181 1030 416 1095 potentiam
458 1026 530 1072 illo
575 1027 735 1072 Odario
770 1029 819 1073 11.
861 1025 982 1073 doste
1022 1034 1148 1090 poe‘ta
1184 1025 1373 1075 celebrat.

183 1107 327 1155 Insunt
355 1119 567 1170 praeterea
595 1108 640 1151 in
673 1106 742 1151 his
771 1104 1025 1151 carminibus
1055 1104 1225 1165 vestigia
1256 1106 1372 1153 haud

182 1186 355 1234 obscura
384 1175 656 1249 persuasionis
692 1186 878 1231 certioris
907 1185 1126 1231 cuiusdam
1146 1185 1198 1231 de
1216 1187 1377 1231 animo-

112 1291 115 1299 ·
185 1280 286 1314 'rum
314 1252 564 1328 corporibus
598 1262 830 1311 solutorum
853 1265 1032 1328 perenni
1050 1266 1134 1310 vita
1154 1276 1278 1328 atque
1290 1267 1380 1311 im·

184 1344 380 1399 mortali,
421 1343 675 1405 alteriusque
706 1358 854 1388 eorum
875 1343 1127 1389 conditionis
1151 1342 1245 1407 post
1265 1342 1378 1397 moi?-

188 1435 275 1472 tem
293 1421 486 1479 futurae,
519 1421 635 1467 velut
657 1421 819 1467 Odario
838 1423 914 1478 IV,
938 1435 996 1482 7-
1014 1436 1085 1468 10.
1107 1437 1147 1468 et
1171 1425 1228 1468 16
1242 1451 1256 1458 -
1276 1429 1346 1478 18.

267 1558 270 1560 v
321 1537 463 1596 Atque
494 1533 593 1579 hinc
623 1530 744 1581 facile
772 1533 1041 1593 intelligitur,
1070 1537 1380 1591 Anacreontem

188 1611 343 1677 debere
382 1607 509 1658 etiem
547 1612 771 1659 hominem
809 1611 918 1659 bene
953 1627 1164 1659 moratum
1208 1609 1381 1675 censeri,

189 1692 274 1740 hoc
303 1681 502 1747 est'eum,
544 1691 618 1754 qui
647 1699 734 1737 non
759 1692 891 1738 modo
913 1689 1027 1738 reste
1051 1691 1103 1737 de
1123 1694 1216 1738 Deo
1235 1690 1380 1747 statue,-

191 1785 281 1826 ret,
347 1785 497 1815 verum
524 1771 648 1816 etiam
682 1773 811 1816 vitam
844 1769 959 1816 suam
993 1770 1051 1815 ad·
1078 1770 1204 1816 talem
1240 1771 1381 1816 condi·

190 1851 353 1896 tionem
398 1863 671 1912 componeret
711 1864 754 1895 et
804 1846 1029 1902 formaret,
1087 1865 1112 1894 a
1165 1850 1384 1895 vitiorum·

190 1943 275 1992 que
323 1929 570 1988 contagione
592 1914 598 1921 ³
620 1945 776 1992 purum
833 1926 916 1974 sese
980 1937 1106 1990 atque
1165 1930 1383 1985 intamina-

191 2021 285 2053 tum
314 2005 509 2052 seruaret.
587 2005 748 2070 Qodfi
778 2007 893 2052 enim
926 2006 1053 2051 vitam
1086 2005 1383 2069 conspurcaffet
1451 2058 1455 2061 ,

193 2083 451 2146 flagitiorum
494 2084 779 2148 voluptatibus
816 2100 941 2148 atque
978 2079 1231 2138 libidinum,
1294 2086 1382 2148 qui,

191 2161 370 2226 quaeso,
402 2163 455 2209 ad
480 2174 642 2210 tantum
655 2165 681 2224 ‚J
716 2163 831 2226 quod
852 2155 975 2226 pauci
997 2162 1230 2210 admodum
1251 2162 1383 2209 solent

191 2235 422 2302 attingere,
452 2232 676 2305 fastigium
709 2258 886 2291 aetatem
906 2239 1104 2307 potuiffet¹
1115 2242 1383 2307 producere?

1278 2333 1383 2382 quo-
