1474 2548
128 107 591 178 „A‘Nacnnourxs
632 102 733 148 ‚BT
789 99 1070 145 SAPPHVS.
1162 100 1271 143 XIX

34 229 231 280 hilariter
254 227 437 286 debere²
473 239 616 288 neque
637 237 843 269 curarum
862 230 907 269 et
930 215 1268 267 {ollicitu'dinum

35 309 273 373 angoribus
297 324 376 354 nos
397 321 639 358 macerare,
672 318 762 367 quo
792 301 847 348 ad
878 300 1081 348 obeunda
1112 315 1270 360 geren-

38 393 181 457 daque
199 390 390 450 {negotia
417 384 559 433 nostra
584 385 846 450 promtiores
879 380 1009 429 fimus
1029 381 1273 428 alacriores·

39 489 140 538 que.
208 469 343 536 Qod
373 484 519 516 autem
551 468 599 514 in
633 467 821 512 Horatio
840 459 906 524 ³⁶)
956 463 1136 527 aliisque
1169 462 1273 508 vati·

38 554 122 602 bus
142 567 385 616 numquam
406 550 635 614 quisquam
655 544 781 615 sanus
815 543 1119 606 reprehendit,
1164 540 1273 590 illud

39 626 303 683 Anacreonti
323 644 497 695 quoque
518 625 598 675 effe
619 624 859 692 opprobrio
878 641 967 677 non
984 691 986 694 y
1001 626 1175 691 poterit.

178 717 271 760 Iam
303 727 408 758 vero
440 706 692 757 ebriositatis
724 708 881 753 vitium
926 722 974 753 ac
1015 705 1278 764 vinolentiae

43 793 296 844 hominibus
315 783 615 856 antiquiorum
636 802 886 853 temporum
922 789 1069 835 minus
1103 789 1148 834 in
1176 804 1277 835 con-

44 876 167 925 sueto
186 871 334 930 fuiffe,
370 870 473 918 inde
495 881 636 936 patet,
672 869 790 934 quod
815 869 920 916 vino
943 885 1032 929 non
1063 867 1277 916 nififmix'·

44 969 94 1007 to
113 957 342 1006 vtebantur
359 967 401 1000 et
422 968 532 1016 aqua
554 962 819 1015 temperatO,
850 951 911 997 vti
935 948 1242 997 ostendimus'
1231 968 1280 998 m

44 1043 163 1111 notis
187 1038 241 1085 ad
267 1036 469 1084 odarium
493 1035 791 1086 XXXVI,10.
832 1030 1039 1096 quodque
1071 1032 1148 1096 qui
1189 1047 1280 1079 me-

47 1137 200 1170 racum
223 1117 451 1174 bibebant,
494 1131 584 1162 tam
616 1106 733 1178 apud
766 1115 973 1166 Graecos,
996 1129 1128 1177 quam
1160 1113 1280 1179 apud

49 1206 300 1253 Romanos,
341 1199 388 1244 in
409 1193 663 1243 hominibus
691 1190 826 1256 gulos
813 1211 848 1240 s
868 1208 910 1240 et
929 1191 1104 1240 abiectis
1128 1211 1281 1245 nume-

46 1281 259 1345 rabantur
270 1297 296 1334 ς.
318 1294 460 1343 neque
476 1273 519 1324 se
537 1277 641 1323 vino
660 1272 981 1336 ingurgitabant
999 1289 1180 1334 veteres,
1205 1274 1278 1325 sed

49 1362 226 1413 modice
245 1347 466 1427 bibebant,
501 1358 633 1405 cuius
646 1356 710 1404 rei
732 1357 778 1402 in
803 1352 900 1421 iplis
923 1355 992 1403 his
1015 1356 1281 1406 carminibus·

49 1438 376 1493 Anacreonticis
401 1441 437 1473 3⁷
447 1438 476 1501 )
501 1435 674 1497 vestigia
696 1436 811 1483 haud
835 1435 964 1483 dubia
988 1437 1282 1502 reperiuntur.

50 1526 186 1588 Igitur
217 1530 384 1569 tantum
405 1515 554 1575 ‘abest,
598 1533 645 1565 vt
673 1519 720 1564 in
753 1518 806 1564 iis
836 1516 1124 1582 carminibus,
1176 1537 1287 1585 quae

51 1606 174 1653 Teio
198 1604 286 1649 vati
307 1600 572 1654 tribuuntur,
594 1598 855 1646 vinolentiae
878 1614 1006 1653 notae
1026 1612 1155 1665 atque
1174 1601 1286 1650 indi-

53 1686 121 1732 cia
142 1681 542 1748 deprehendantur,
577 1695 625 1727 ut
656 1677 849 1727 summae
882 1681 1028 1746 potius
1061 1678 1285 1743 frugalita-

54 1767 110 1814 tis
131 1781 180 1810 ac
199 1764 505 1826 temperantiae
523 1776 776 1822 argumenta
804 1762 849 1808 in
873 1763 924 1807 iis
962 1760 1183 1809 clariffima
1214 1780 1288 1829 ap-

54 1858 262 1914 pareant3
294 1844 414 1892 velut
434 1844 585 1892 odario
607 1844 717 1906 XLI,
758 1857 778 1890 1
794 1857 834 1892 1.
852 1840 931 1906 ³⁸),
965 1844 1025 1892 vti
1047 1846 1132 1891 iam
1155 1846 1289 1906 Athe-

622 1923 653 1971 b
686 1938 716 1974 2
766 1987 768 1989 Ι
1155 1907 1291 1975 naeus

110 2072 184 2116 36)
209 2082 240 2106 v.
260 2081 290 2110 c.
305 2071 402 2115 epod.
421 2070 472 2113 X,
489 2079 570 2106 extr.
589 2081 698 2107 curam
715 2078 892 2116 metumque
908 2070 1044 2114 Caesaris
1062 2082 1167 2106 rerum
1193 2080 1293 2114 juant

178 2129 263 2163 dulci
280 2129 380 2171 Lyaeo
391 2127 526 2171 fhluere
550 2128 583 2163 h.
612 2139 642 2168 e,
672 2137 770 2164 curas
791 2128 994 2173 dispellere,
1023 2139 1062 2165 vt
1077 2129 1196 2186 quiete
1220 2129 1291 2167 viui

179 2185 425 2230 tranquilleque
451 2184 560 2230 poflit.

113 2252 187 2294 37)
219 2249 264 2288 cf.
286 2249 393 2286 Odar.
421 2252 601 2294 LXV1,3.

113 2317 179 2364 38)
203 2316 279 2352 cou.
298 2315 405 2354 odat.
416 2317 686 2361 XXXVU1510·
702 2324 736 2354 et
759 2320 840 2361 Lv,
867 2329 896 2364 3·
906 2317 981 2366 sqq.
