1474 2548
236 74 432 148 xxviii
482 109 619 149 mss.
651 113 726 150 nn
755 114 898 152 Vim
930 87 1395 160 nrt-:ntmmnvs

233 224 367 269 multa
408 221 536 274 eflcnt
559 224 624 271 'de
652 225 848 293 laudibus
875 229 1130 293 Polycratis,
1177 250 1362 296 quorum
1387 237 1435 286 in

232 304 311 354 iis,
355 318 462 364 quae
492 302 545 347 ad
577 320 656 349 nos
689 304 763 352 sub
787 312 1063 356 Anacreontis
1088 314 1262 359 nomine
1284 313 1436 377 perue-

234 394 412 434 nerunt,
466 397 520 426 ne
559 383 789 430 minimum
827 385 963 449 potest
989 386 1210 450 vestigium
1241 394 1433 455 reperiri.

231 465 380 522 Itaque
406 458 630 505 verisimile
659 460 739 517 est,
784 479 949 510 mature
981 483 1028 511 ea
1048 467 1242 530 periiffe‚'
1263 472 1331 517 vel
1352 488 1431 535 pet

229 550 476 599 temporum
501 538 698 593 iniurias,
732 541 822 595 vel,
853 542 969 605 quod
986 548 1163 608 propius
1186 548 1354 594 videtur
1372 548 1430 597 ad

228 630 384 661 verum
415 616 638 672 accedere,
682 634 857 686 propter
880 617 1217 684 susperstitionem
1239 642 1280 672 et
1301 625 1430 692 stupi-

229 694 403 741 ditatem
428 694 692 742 sacerdotum
715 714 988 758 graecorum,
1024 720 1208 765 quorum
1229 703 1312 751 fuit
1334 722 1429 770 per·

228 790 383 833 magna
413 773 640 822 auPtoritas‘
661 787 788 841 atque
809 781 1062 842 potentia'in
1082 782 1175 828 aula
1196 783 1428 831 Constanti-

226 853 471 916 nopolitana
494 850 584 913 ⁶4),
616 857 773 919 quique
795 860 980 905 carmina
996 862 1199 907 amatoria
1219 860 1317 923 igne
1336 860 1424 910 for·

226 930 324 977 taffe
345 929 605 995 exstirpanda
621 949 831 982 curarunt.

360 1011 509 1056 Seculo
541 1012 715 1058 demum
735 1012 830 1077 post
851 1013 1066 1062 Christum
1087 1027 1233 1064 natum
1253 1018 1421 1066 decimo

222 1084 523 1135 Constantinus
546 1078 754 1155 Cephalas
776 1097 1052 1142 Anacreontis
1069 1095 1280 1160 reliquias,
1300 1098 1422 1144 vndi-

222 1184 307 1231 que
351 1185 518 1231 quaque
557 1167 737 1217 studiose
775 1171 1012 1236 congestas,
1063 1173 1270 1222 adiunffis
1314 1177 1420 1231 aliis,

160 1236 163 1240 Δ
222 1257 332 1310 qnae
361 1247 557 1293 homines
586 1248 716 1312 lepidi
743 1265 784 1296 et
806 1248 949 1307 faceti,
991 1252 1306 1301 anacreontem
1326 1257 1420 1303 imi-

219 1326 319 1378 tati,
380 1324 570 1388 sequiore
611 1319 985 1386 aetate-luserant,
1047 1332 1285 1381 colleffioni
1322 1333 1430 1382 suae

222 1420 473 1464 graecorum
503 1408 858 1468 epigrammatum
893 1407 1080 1460 inseruit.
1166 1415 1288 1476 Quae
1327 1415 1420 1477 qui-

218 1482 322 1529 dem
357 1481 518 1545 sylloge
562 1484 720 1529 Odaria
755 1488 858 1530 LIX.
901 1489 1098 1536 continet.
1188 1491 1418 1539 InterieRo

217 1559 374 1607 deinde
407 1561 535 1621 longo
575 1577 793 1625 tempore,
838 1566 1044 1611 nimirum
1070 1565 1215 1628 'seculo
1247 1570 1416 1618 decimo

213 1637 352 1693 sexto,
387 1641 600 1685 Henricus
626 1642 865 1704 Stephanus
885 1649 1290 1709 Anacreonticorum
1301 1649 1416 1695 Oda-

213 1719 380 1765 riorum
403 1721 497 1766 LV.
526 1735 753 1781 operarum
777 1716 931 1766 formis
955 1721 1157 1788 descripta
1179 1727 1333 1780 edidit,
1365 1730 1414 1774 in

213 1796 388 1860 quibusj
419 1796 631 1845 odarium
662 1801 732 1847 XI.
768 1799 812 1843 in
835 1798 1018 1861 *ligatura
1051 1802 1146 1849 libri
1174 1804 1413 1852 vetustioris

211 1874 494 1939 conscriptum
520 1878 778 1933 inuenerat,
838 1879 999 1942 reliqua
1029 1883 1142 1929 LIV.
1182 1900 1206 1929 e
1242 1883 1412 1931 duobus

209 1954 472 2000 membranis
493 1956 538 2000 in
558 1954 778 2018 publicum
800 1956 943 2005 emisit.
1011 1963 1136 2006 Tum
1155 1961 1297 2008 Iosuas
1314 1966 1410 2009 Bar-

211 2030 346 2078 nesius
384 2049 408 2080 e
435 2034 580 2083 codice.
609 2035 823 2088 Palatino,
882 2034 967 2083 siue
998 2040 1203 2085 Vaticano
1249 2057 1409 2089 nouam

209 2111 443 2158 editionem
462 2113 707 2158 adornauit:
725 2109 1010 2179 ’eamdemque
1030 2118 1324 2167 membranam
1337 2119 1412 2166 de-

253 2264 315 2307 6¹⁸)
340 2263 411 2304 vid.
429 2245 680 2310 Aic'y'oniusne
697 2259 824 2305 exfi‘uo.
880 2276 883 2278 ·
1301 2214 1410 2278 nuo
