1474 2548
178 129 602 173 ANACRBons
655 129 729 172 ET
795 125 1072 166 SAPPHvs.
1162 123 1301 171 'xxvj

55 253 100 303 ei
124 252 298 313 egregie
320 247 522 297 videmus
545 248 593 294 in
630 247 725 293 eius
761 239 1118 310 disputationibus
1146 254 1296 286 contra

58 336 306 399 Epicurum
331 325 538 375 accidisse.
601 329 761 391 ¹Itaque
797 325 927 377 etiam
958 324 1004 369 in
1039 321 1120 368 hac
1158 315 1306 367 caussa.

59 431 151 461 non
189 419 303 459 tanta
336 411 429 456 eius
450 405 678 455 austoritas
697 407 802 469 erit,
835 414 968 471 quarn
989 399 1109 467 sequi
1130 410 1298 449 temere

61 492 317 541 debeamus.
770 496 775 502 ·

199 574 326 636 Qae
358 585 462 616 cum
489 569 547 615 ita
575 565 675 620 fint,
720 567 816 630 quis
848 565 957 621 erit,
1007 563 1083 627 qui
1123 579 1211 608 non
1234 563 1299 609 vi-

63 653 186 706 deat,
232 649 389 697 talibus
419 663 595 713 tamque
625 646 793 694 leuibus
812 659 940 708 atque
964 641 1148 690 infirmis
1171 659 1296 702 argu-

61 734 225 783 mentis
254 730 388 779 tribui
415 728 653 795 quidquam
684 729 831 787 minus
854 722 992 790 posse,
1037 718 1141 787 quin
1171 714 1297 771 simul

66 823 217 862 contra
248 810 407 864 fidem,
450 811 798 873 aequitatemque
831 821 958 870 atque
979 804 1180 851 iustitiam
1202 821 1297 866 gra-

64 892 229 942 viffime
251 893 494 956 impingere
520 883 729 936 videare?
795 886 996 943 Accedit,
1042 886 1159 950 quod
1184 884 1298 933 sum·

65 991 164 1022 mae
195 973 344 1020 laudes
372 972 662 1018 maximarum
692 966 1123 1031 grauiffimarumque
1167 967 1298 1012 virtu-

65 1064 162 1102 tum
194 1055 305 1100 mire
339 1053 386 1098 in
409 1052 592 1098 homine
612 1047 1016 1115 exsplendescerent.
1084 1050 1299 1111 Namque

66 1151 117 1196 ea
134 1131 220 1182 fuit
243 1136 290 1180 in
310 1132 386 1179 illo
411 1133 698 1186 continentia,
729 1146 779 1176 ea
799 1126 1046 1190 frugalitas,
1081 1129 1205 1193 isque
1221 1146 1302 1194 pe-

68 1196 298 1263 claniarum=
328 1227 598 1269 contemtus,
657 1221 730 1264 vt,
776 1225 876 1256 cum
908 1211 1100 1273 quinque
1127 1211 1299 1257 talentis

67 1296 122 1343 ab
145 1293 239 1360 ipso
262 1293 486 1356 Polycrate
507 1291 730 1356 quondam
752 1287 893 1337 fuisset
915 1289 1123 1346 donatus,
1157 1308 1208 1337 ex
1230 1308 1300 1338 co-

69 1378 277 1440 gitatione
312 1373 420 1420 duas
451 1370 598 1419 noRes
623 1373 809 1432 integras
829 1368 926 1416 fere
947 1369 1099 1417 somno
1121 1382 1300 1429 careret,

69 1458 257 1522 ideoque
285 1455 515 1519 pecuniam
545 1468 734 1516 tyranno
766 1448 1030 1508 restitueret,
1076 1449 1206 1513 miffis
1240 1452 1298 1500 ad

68 1538 194 1584 illum
232 1536 409 1588 litteris,
465 1532 621 1597 quibus
661 1535 850 1592 ingenue
881 1529 1128 1583 testaretur:
1184 1534 1296 1597 μἰσῶ

69 1616 252 1683 δωρεοῖν,
309 1611 399 1673 ἥτις
439 1613 663 1674 ἅναγκάζει
705 1614 929 1677 ἀγρυπνεῖν
979 1614 1052 1671 5¹).
1144 1619 1297 1677 ltaque

47 1697 296 1759 Vverissmile
331 1713 419 1743 non
449 1697 552 1752 erit,
597 1711 725 1751 eum,
759 1696 835 1758 qui
856 1689 1298 1744 instrumentalibidi·

69 1797 180 1828 num
222 1795 311 1826 tam
335 1775 503 1824 fortiter
526 1775 780 1836 neglexerit,
828 1773 1079 1821 libidinibus
1102 1772 1201 1840 ipsis
1225 1775 1298 1822 de-

70 1861 211 1911 ditum
228 1855 364 1910 fuiss'e,
748 1867 750 1870 ·

207 1942 357 1986 Tanta
383 1953 518 2003 porro
540 1938 585 1983 in
604 1941 876 1984 Anacreonte
898 1933 1152 2000 praestantia
1173 1935 1298 1982 indo-

70 2020 123 2068 lis
148 2017 256 2076 fuit,
290 2033 406 2067 tanta
426 2021 491 2068 vis
515 2019 671 2064 mentis
698 2017 944 2082 animique,
982 2032 1095 2063 tanta
1118 2017 1300 2064 videndi

71 2103 163 2149 veri
198 2097 402 2154 facultas,
445 2113 493 2146 vt
525 2113 568 2144 et
599 2095 857 2160 exquifitiori
892 2098 1129 2144 litterarum
1152 2099 1300 2158 cogni-

72 2184 191 2230 tione
224 2198 267 2227 et
301 2180 449 2245 copia,
494 2193 536 2226 et
555 2179 718 2240 ingenii
745 2176 970 2226 subtilitate
993 2190 1121 2243 atque
1139 2179 1300 2226 acumi-

120 2337 187 2385 51)
209 2337 279 2374 vid.
305 2335 472 2376 stobaeuc
489 2335 599 2382 eclog.
616 2334 718 2372 ethic.
737 2340 812 2386 cap.
827 2347 878 2385 ⁹¹·
1224 2273 1295 2314 ne,
